@article{
	Kazanenko,
	title={ПРИМЕНЕНИЕ ТЕОРИИ КОНЕЧНЫХ АВТОМАТОВ ПРИ МОДЕЛИРОВАНИИ СЛОЖНЫХ СИСТЕМ С ИСПОЛЬЗОВАНИЕМ ПРОГРАММЫ STATEFLOW},
	author={М. Д. Казаненко},
	year={2015},
	journal={Горный информационно-аналитический бюллетень},
	publisher={MIAB}
}
@article{
	Larchenko,
	title={АППАРАТНЫЙ ONLINE ВЫЧИСЛИТЕЛЬ СТЕПЕННЫХ ФУНКЦИЙ С БИТОВЫМ ПОТОКОМ ДАННЫХ},
	author={Б. Д. Ларченко},
	year={2021},
	journal={Восточно-европейский научный журнал},
	address={Харьков},
	publisher={Изд-во "Логика+"}
}
@book{
	mastihina,
	title={Формальные языки, грамматики и автоматы},
	author={А. А. Мастихина},
	year={2017},
	publisher={МГТУ им. Баумана},
	address={М}
}
@book{
	atma,
	title={Automata Theory with Modern Applications},
	author={A. A. James},
	year={2006},
	publisher={Изд-во "Cambridge University Press"}
}
@book{
	Hopcroft,
	title={Introduction to Automata Theory, Languages, and Computation},
	author={J. E. Hopcroft},
	year={2006},
	publisher={Изд-во "Addison-Wesley"}
}
